<record><leader>00000cas a22000007a 4500</leader><controlfield tag="001">12923970</controlfield><controlfield tag="008">851217d18501853gauwr ne      0    0eng d</controlfield><datafield ind1=" " ind2=" " tag="010"><subfield code="a">sn 85027042 </subfield></datafield><datafield ind1=" " ind2=" " tag="040"><subfield code="a">NPX</subfield><subfield code="b">eng</subfield><subfield code="c">NPX</subfield><subfield code="d">NLG</subfield><subfield code="d">MGN</subfield><subfield code="d">FUG</subfield><subfield code="d">OCL</subfield><subfield code="d">GUA</subfield><subfield code="d">OCLCQ</subfield><subfield code="d">OCLCF</subfield><subfield code="d">OCLCO</subfield></datafield><datafield ind1="1" ind2=" " tag="029"><subfield code="a">AU@</subfield><subfield code="b">000020234137</subfield></datafield><datafield ind1=" " ind2=" " tag="042"><subfield code="a">msc</subfield></datafield><datafield ind1=" " ind2=" " tag="043"><subfield code="a">n-us-ga</subfield></datafield><datafield ind1="0" ind2=" " tag="130"><subfield code="a">Southern herald (Athens, Ga.)</subfield></datafield><datafield ind1="1" ind2="4" tag="245"><subfield code="a">The southern herald.</subfield></datafield><datafield ind1=" " ind2=" " tag="260"><subfield code="a">Athens, Ga. :</subfield><subfield code="b">Lampkin &amp; Adams,</subfield><subfield code="c">1850-</subfield></datafield><datafield ind1=" " ind2=" " tag="300"><subfield code="a">v.</subfield></datafield><datafield ind1=" " ind2=" " tag="310"><subfield code="a">Weekly</subfield></datafield><datafield ind1="0" ind2=" " tag="362"><subfield code="a">Vol. 18, no. 23 (Sept. 12, 1850)-</subfield></datafield><datafield ind1="1" ind2=" " tag="362"><subfield code="a">Ceased in 1853.</subfield><subfield code="z">Cf. Hynds, E.C. Antebellum Athens and Clarke Co., Ga.</subfield></datafield><datafield ind1=" " ind2=" " tag="515"><subfield code="a">Also called New ser., v. 4, no. 1 (Sept. 12, 1850)-</subfield></datafield><datafield ind1=" " ind2=" " tag="530"><subfield code="a">Also on microfilm: Athens, Ga. : University of Georgia Libraries.</subfield></datafield><datafield ind1=" " ind2=" " tag="580"><subfield code="a">Continued by: Southern watchman (Athens, Ga. : 1854). Cf. Hynds, E.C. Antebellum Athens and Clarke Co., Ga.</subfield></datafield><datafield ind1=" " ind2="0" tag="651"><subfield code="a">Athens (Ga.)</subfield><subfield code="v">Newspapers.</subfield></datafield><datafield ind1=" " ind2="0" tag="651"><subfield code="a">Clarke County (Ga.)</subfield><subfield code="v">Newspapers.</subfield></datafield><datafield ind1=" " ind2="7" tag="655"><subfield code="a">Newspapers.</subfield><subfield code="2">fast</subfield><subfield code="0">(OCoLC)fst01423814</subfield></datafield><datafield ind1=" " ind2="7" tag="651"><subfield code="a">Georgia</subfield><subfield code="z">Athens.</subfield><subfield code="2">fast</subfield><subfield code="0">(OCoLC)fst01208258</subfield></datafield><datafield ind1=" " ind2="7" tag="651"><subfield code="a">Georgia</subfield><subfield code="z">Clarke County.</subfield><subfield code="2">fast</subfield><subfield code="0">(OCoLC)fst01211777</subfield></datafield><datafield ind1=" " ind2=" " tag="752"><subfield code="a">United States</subfield><subfield code="b">Georgia</subfield><subfield code="c">Clarke</subfield><subfield code="d">Athens.</subfield></datafield><datafield ind1="0" ind2="0" tag="780"><subfield code="t">Southern Whig (Athens, Ga.)</subfield><subfield code="w">(DLC)sn 82015107</subfield><subfield code="w">(OCoLC)8804415</subfield></datafield><datafield ind1="1" ind2="0" tag="785"><subfield code="t">Southern watchman (Athens, Ga. : 1854)</subfield><subfield code="w">(DLC)sn 82014669</subfield><subfield code="w">(OCoLC)8807199</subfield></datafield></record>